@INBOOK{brooks2001-silver,
	TITLE="The Mythical Man-Month",
	CHAPTER="No Silver Bullet - Essence and Accident in Software Engineering",
	AUTHOR="F. P. Brooks",
	PAGES="177--203",
	YEAR=2001,
	PUBLISHER="Addison Wesley Longman Inc.",
	ADDRESS="New York",
	EDITION="15., Aufl."
}
@misc{elastizitaetsmodul,
  title = {chemie.de Elastizit√§tsmodul},
  howpublished = {\url{https://www.chemie.de/lexikon/Elastizit%C3%A4tsmodul.html}},
  note = {Accessed: 2022-03-31}
}
